@article{einstein1905electrodynamics,
  title={On the electrodynamics of moving bodies},
  author={Einstein, Albert and others},
  journal={Annalen der Physik},
  volume={17},
  number={891},
  pages={50},
  year={1905}
}


@book{saitta2011phase,
  title={Phase Transitions in Machine Learning},
  author={Saitta, Lorenza and Giordana, Attilio and Cornu\'ejols, Antoine},
  year={2011},
  publisher={Cambridge University Press}
}